% Encoding: UTF-8

@article{mikolajczyk2004scale,
  title={Scale \& affine invariant interest point detectors},
  author={Mikolajczyk, Krystian and Schmid, Cordelia},
  journal={International journal of computer vision},
  volume={60},
  number={1},
  pages={63--86},
  year={2004},
  publisher={Springer}
}

@misc{gonzales2002digital,
  title={Digital Image Processing, 2-nd Edition},
  author={Gonzales, Rafael C and Woods, Richard E},
  year={2002},
  publisher={Prentice Hall}
}

@InProceedings{Perdoch-CVPR-2009,
   author = {Michal Per{\v d}och, Ond{\v r}ej Chum, Ji{\v r}{\' i} Matas},
   title = {Efficient Representation of Local Geometry for Large Scale Object Retrieval},
   booktitle = {IEEE Computer Society Conference on Computer Vision and Pattern Recognition},
   year = {2009},
   month = {June},
   day = {20--25},
   venue = {Miami, Florida, USA},
   pages = {9--16},
   annote = {State of the art methods for image and object retrieval
                  exploit both appearance (via visual words) and local
                  geometry (spatial extent, relative pose). In large scale
                  problems, memory becomes a limiting factor - local
                  geometry is stored for each feature detected in each
                  image and requires storage larger than the inverted file
                  and term frequency and inverted document frequency
                  weights together. We propose a novel method for learning
                  discretized local geometry representation based on
                  minimization of average reprojection error in the space
                  of ellipses. The representation requires only 24 bits per
                  feature without drop in performance. Additionally, we
                  show that if the gravity vector assumption is used
                  consistently from the feature description to spatial
                  verification, it improves retrieval performance and
                  decreases the memory footprint. The proposed method
                  outperforms state of the art retrieval algorithms in a
                  standard image retrieval benchmark.},
    ISBN = {978-1-4244-3994-2},
}
@book{cook2013cuda,
  title={CUDA programming: a developer's guide to parallel computing with GPUs},
  author={Cook, Shane},
  year={2013},
  publisher={Newnes}
}

@article{nvidia2011nvidia,
  title={Nvidia cuda c programming guide},
  author={Nvidia, CUDA},
  journal={NVIDIA Corporation},
  volume={120},
  year={2011}
}

@inproceedings{kirk2007nvidia,
  title={NVIDIA CUDA software and GPU parallel computing architecture},
  author={Kirk, David},
  booktitle={ISMM},
  volume={7},
  pages={103--104},
  year={2007}
}

@inproceedings{ryoo2008optimization,
  title={Optimization principles and application performance evaluation of a multithreaded GPU using CUDA},
  author={Ryoo, Shane and Rodrigues, Christopher I and Baghsorkhi, Sara S and Stone, Sam S and Kirk, David B and Hwu, Wen-mei W},
  booktitle={Proceedings of the 13th ACM SIGPLAN Symposium on Principles and practice of parallel programming},
  pages={73--82},
  year={2008},
  organization={ACM}
}

@inproceedings{sivic2005discovering,
  title={Discovering objects and their location in images},
  author={Sivic, Josef and Russell, Bryan C and Efros, Alexei A and Zisserman, Andrew and Freeman, William T},
  booktitle={Computer Vision, 2005. ICCV 2005. Tenth IEEE International Conference on},
  volume={1},
  pages={370--377},
  year={2005},
  organization={IEEE}
}

@incollection{mikolajczyk2002affine,
  title={An affine invariant interest point detector},
  author={Mikolajczyk, Krystian and Schmid, Cordelia},
  booktitle={Computer Visionâ€”ECCV 2002},
  pages={128--142},
  year={2002},
  publisher={Springer}
}

@inproceedings{chiu2006matching,
  title={Matching interest points using affine invariant concentric circles},
  author={Chiu, Han-Pang and Lozano-Perez, Tomas},
  booktitle={Pattern Recognition, 2006. ICPR 2006. 18th International Conference on},
  volume={2},
  pages={167--170},
  year={2006},
  organization={IEEE}
}

@inproceedings{ericsson2003affine,
  title={An affine invariant deformable shape representation for general curves},
  author={Ericsson, Anders and Astrom, K},
  booktitle={Computer Vision, 2003. Proceedings. Ninth IEEE International Conference on},
  pages={1142--1149},
  year={2003},
  organization={IEEE}
}

@article{whitehead2011precision,
  title={Precision \& performance: Floating point and IEEE 754 compliance for NVIDIA GPUs},
  author={Whitehead, Nathan and Fit-Florea, Alex},
  journal={rn (A+ B)},
  volume={21},
  pages={1--1874919424},
  year={2011}
}

@article{burt1983laplacian,
  title={The Laplacian pyramid as a compact image code},
  author={Burt, Peter J and Adelson, Edward H},
  journal={Communications, IEEE Transactions on},
  volume={31},
  number={4},
  pages={532--540},
  year={1983},
  publisher={IEEE}
}

@comment{jabref-meta: selector_publisher:}

@comment{jabref-meta: selector_author:}

@comment{jabref-meta: selector_journal:}

@comment{jabref-meta: selector_keywords:}

